@book{CS,
 author = {Cocke, John},
 title = {Programming Languages and Their Compilers: Preliminary Notes},
 year = {1969},
 isbn = {B0007F4UOA},
 publisher = {Courant Institute of Mathematical Sciences, New York University},
} 

@inproceedings{Knoop,
 author = {Knoop, Jens and R\"{u}thing, Oliver and Steffen, Bernhard},
 title = {Lazy Code Motion},
 booktitle = {Proceedings of the ACM SIGPLAN 1992 Conference on Programming Language Design and Implementation},
 series = {PLDI '92},
 year = {1992},
 isbn = {0-89791-475-9},
 location = {San Francisco, California, USA},
 pages = {224--234},
 numpages = {11},
 url = {http://doi.acm.org/10.1145/143095.143136},
 doi = {10.1145/143095.143136},
 acmid = {143136},
 publisher = {ACM},
 address = {New York, NY, USA},
} 

@inproceedings{Briggs2,
 author = {Briggs, Preston and Cooper, Keith D.},
 title = {Effective Partial Redundancy Elimination},
 booktitle = {Proceedings of the ACM SIGPLAN 1994 Conference on Programming Language Design and Implementation},
 series = {PLDI '94},
 year = {1994},
 isbn = {0-89791-662-X},
 location = {Orlando, Florida, USA},
 pages = {159--170},
 numpages = {12},
 url = {http://doi.acm.org/10.1145/178243.178257},
 doi = {10.1145/178243.178257},
 acmid = {178257},
 publisher = {ACM},
 address = {New York, NY, USA},
}

@article{Morel,
 author = {Morel, E. and Renvoise, C.},
 title = {Global Optimization by Suppression of Partial Redundancies},
 journal = {Commun. ACM},
 issue_date = {Feb. 1979},
 volume = {22},
 number = {2},
 month = feb,
 year = {1979},
 issn = {0001-0782},
 pages = {96--103},
 numpages = {8},
 url = {http://doi.acm.org/10.1145/359060.359069},
 doi = {10.1145/359060.359069},
 acmid = {359069},
 publisher = {ACM},
 address = {New York, NY, USA},
 keywords = {Boolean systems, compilation, compiler, data flow analysis, invariant computation elimination, optimization, optimizer, partial redundancy, redundancy elimination},
}

@MISC{Drechsler,
    author = {Karl-heinz Drechsler and Manfred P. Stadel},
    title = {A Variation of Knoop, ROthing, and Steffen's Lazy Code Motion},
    year = {}
}



@inproceedings{AWZ,
 author = {Alpern, B. and Wegman, M. N. and Zadeck, F. K.},
 title = {Detecting Equality of Variables in Programs},
 booktitle = {Proceedings of the 15th ACM SIGPLAN-SIGACT Symposium on Principles of Programming Languages},
 series = {POPL '88},
 year = {1988},
 isbn = {0-89791-252-7},
 location = {San Diego, California, USA},
 pages = {1--11},
 numpages = {11},
 url = {http://doi.acm.org/10.1145/73560.73561},
 doi = {10.1145/73560.73561},
 acmid = {73561},
 publisher = {ACM},
 address = {New York, NY, USA},
}

@ARTICLE{Cooper95scc-basedvalue,
      author = {Keith D. Cooper and L. Taylor Simpson},
      title = {SCC-Based Value Numbering},
      journal = {Software Practice and Experience},
      year = {1995},
      volume = {27},
      pages = {701--724}
}

@ARTICLE{CVDC,
    author = {L. Taylor Simpson  and Keith D. Cooper},
    title = {Value-Driven Code Motion},
    journal = {IEEE Transactions on Image Processing},
    year = {1995}
}

@article{Briggs,
 author = {Briggs, Preston and Cooper, Keith D. and Simpson, L. Taylor},
 title = {Value Numbering},
 journal = {Softw. Pract. Exper.},
 issue_date = {June 1997},
 volume = {27},
 number = {6},
 month = jun,
 year = {1997},
 issn = {0038-0644},
 pages = {701--724},
 numpages = {24},
 url = {http://dx.doi.org/10.1002/(SICI)1097-024X(199706)27:6<701::AID-SPE104>3.3.CO;2-S},
 doi = {10.1002/(SICI)1097-024X(199706)27:6<701::AID-SPE104>3.3.CO;2-S},
 acmid = {255225},
 publisher = {John Wiley \& Sons, Inc.},
 address = {New York, NY, USA},
 keywords = {code optimization, redundancy elimination, value numbering},
} 

@ARTICLE{Kennedy99partialredundancy,
    author = {Robert Kennedy and Sun Chan and Shin-ming Liu and RAYMOND LO and Peng Tu and Fred Chow},
    title = {Partial Redundancy Elimination in SSA Form},
    journal = {ACM Transactions on Programming Languages and Systems},
    year = {1999},
    volume = {21},
    pages = {627--676}
}

@INPROCEEDINGS{Vandrunen04value-basedpartial,
    author = {Thomas Vandrunen and Antony L. Hosking},
    title = {Value-based partial redundancy elimination},
    booktitle = {In CC},
    year = {2004},
    pages = {167--184}
}


@article{Knoop2,
 author = {Knoop, Jens and R\"{u}thing, Oliver and Steffen Bernhard},
 title = {Optimal Code Motion: Theory and Practice},
 journal = {ACM Trans. Program. Lang. Syst.},
 issue_date = {July 1994},
 volume = {16},
 number = {4},
 month = jul,
 year = {1994},
 issn = {0164-0925},
 pages = {1117--1155},
 numpages = {39},
 url = {http://doi.acm.org/10.1145/183432.183443},
 doi = {10.1145/183432.183443},
 acmid = {183443},
 publisher = {ACM},
 address = {New York, NY, USA},
 keywords = {t-refined flow graphs, code motion, computational optimality, critical edges, data flow analysis, elimination of partial redundancies, lifetime optimality, lifetimes of registers, nondeterministic flowgraphs},
} 

